<record><leader>00000cas a2200000 a 4500</leader><controlfield tag="001">22965679</controlfield><controlfield tag="008">910115d1878188uiluwr ne      0   a0eng c</controlfield><datafield ind1=" " ind2=" " tag="010"><subfield code="a">sn 90054761 </subfield></datafield><datafield ind1=" " ind2=" " tag="040"><subfield code="a">NVF</subfield><subfield code="b">eng</subfield><subfield code="c">NVF</subfield><subfield code="d">NVF</subfield><subfield code="d">OCLCQ</subfield><subfield code="d">OCLCF</subfield><subfield code="d">OCLCO</subfield><subfield code="d">NVF</subfield></datafield><datafield ind1=" " ind2=" " tag="042"><subfield code="a">pcc</subfield></datafield><datafield ind1=" " ind2=" " tag="043"><subfield code="a">n-us-il</subfield></datafield><datafield ind1="0" ind2="4" tag="245"><subfield code="a">The Jerseyville examiner.</subfield></datafield><datafield ind1=" " ind2=" " tag="260"><subfield code="a">Jerseyville, Ill. :</subfield><subfield code="b">Jerseyville Pub. Co.</subfield></datafield><datafield ind1=" " ind2=" " tag="300"><subfield code="a">v.</subfield></datafield><datafield ind1=" " ind2=" " tag="310"><subfield code="a">Weekly</subfield></datafield><datafield ind1="1" ind2=" " tag="362"><subfield code="a">Began in 1878?</subfield></datafield><datafield ind1=" " ind2=" " tag="580"><subfield code="a">Merged with: Jerseyville Republican (Jerseyville, Ill. : 1872), to form: Republican-examiner.</subfield></datafield><datafield ind1=" " ind2=" " tag="588"><subfield code="a">Description based on: Vol. 2, no. 53 (Aug. 13, 1879).</subfield></datafield><datafield ind1=" " ind2=" " tag="588"><subfield code="a">Latest issue consulted: Aug. 4, 1880.</subfield></datafield><datafield ind1=" " ind2="0" tag="651"><subfield code="a">Jerseyville (Ill.)</subfield><subfield code="v">Newspapers.</subfield></datafield><datafield ind1=" " ind2="7" tag="651"><subfield code="a">Illinois</subfield><subfield code="z">Jerseyville.</subfield><subfield code="2">fast</subfield><subfield code="0">(OCoLC)fst01219154</subfield></datafield><datafield ind1=" " ind2="7" tag="655"><subfield code="a">Newspapers.</subfield><subfield code="2">fast</subfield><subfield code="0">(OCoLC)fst01423814</subfield></datafield><datafield ind1=" " ind2=" " tag="752"><subfield code="a">United States</subfield><subfield code="b">Illinois</subfield><subfield code="c">Jersey</subfield><subfield code="d">Jerseyville.</subfield></datafield><datafield ind1="1" ind2="7" tag="785"><subfield code="t">Jerseyville Republican (Jerseyville, Ill. : 1872)</subfield><subfield code="w">(DLC)sn 85033751</subfield><subfield code="w">(OCoLC)12245171</subfield></datafield><datafield ind1="1" ind2="7" tag="785"><subfield code="t">Republican-examiner</subfield><subfield code="w">(DLC)sn 86063864</subfield><subfield code="w">(OCoLC)13519095</subfield></datafield><datafield ind1="1" ind2=" " tag="029"><subfield code="a">AU@</subfield><subfield code="b">000020633608</subfield></datafield></record>